<?xml version="1.0" encoding="UTF-8"?><collection xmlns="http://www.loc.gov/MARC21/slim"><record><leader>00353nam--2200133-i-4500</leader><controlfield tag="001">000049990</controlfield><controlfield tag="002">20161230</controlfield><controlfield tag="005">20161230201047</controlfield><controlfield tag="008">060222s1000------------r-----000-0-eng-d</controlfield><datafield ind1=" " ind2=" " tag="080"><subfield code="a">539.143.5:537.226</subfield></datafield><datafield ind1=" " ind2=" " tag="100"><subfield code="a">Acarkin, V.A</subfield></datafield><datafield ind1=" " ind2=" " tag="245"><subfield code="a">Dinamicheskaia poliarizaciia iader vtverdyh dielektrikah</subfield></datafield><datafield ind1=" " ind2=" " tag="260"><subfield code="a">Moskva, Izd.Nauka, 1980, 196s</subfield></datafield><datafield ind1=" " ind2=" " tag="852"><subfield code="a">48543</subfield></datafield></record></collection>